<record><leader>00000cas a2200000 a 4500</leader><controlfield tag="001">11752863</controlfield><controlfield tag="008">850301d19661970wiusx ne      0    0eng d</controlfield><datafield ind1=" " ind2=" " tag="010"><subfield code="a">sn 85040281 </subfield></datafield><datafield ind1=" " ind2=" " tag="040"><subfield code="a">NPV</subfield><subfield code="b">eng</subfield><subfield code="c">NPV</subfield><subfield code="d">ANU</subfield><subfield code="d">NYS</subfield><subfield code="d">GBVCP</subfield><subfield code="d">OCLCO</subfield><subfield code="d">OCLCQ</subfield><subfield code="d">OCLCO</subfield><subfield code="d">OCLCA</subfield><subfield code="d">OCLCF</subfield><subfield code="d">HMM</subfield></datafield><datafield ind1=" " ind2=" " tag="015"><subfield code="a">015842789</subfield><subfield code="2">dnb</subfield></datafield><datafield ind1="7" ind2=" " tag="016"><subfield code="a">1052472-1</subfield><subfield code="2">DE-600</subfield></datafield><datafield ind1="7" ind2=" " tag="016"><subfield code="a">015842789</subfield><subfield code="2">DE-101</subfield></datafield><datafield ind1="1" ind2=" " tag="029"><subfield code="a">AU@</subfield><subfield code="b">000020368700</subfield></datafield><datafield ind1="1" ind2=" " tag="029"><subfield code="a">GBVCP</subfield><subfield code="b">17040496X</subfield></datafield><datafield ind1=" " ind2=" " tag="042"><subfield code="a">msc</subfield></datafield><datafield ind1=" " ind2=" " tag="043"><subfield code="a">n-us-wi</subfield></datafield><datafield ind1=" " ind2=" " tag="045"><subfield code="a">x6x7</subfield></datafield><datafield ind1=" " ind2="4" tag="050"><subfield code="a">E99.M44</subfield><subfield code="b">M452</subfield></datafield><datafield ind1=" " ind2=" " tag="052"><subfield code="a">4123</subfield><subfield code="b">M54</subfield></datafield><datafield ind1="0" ind2="0" tag="245"><subfield code="a">Menominee prints.</subfield></datafield><datafield ind1=" " ind2=" " tag="260"><subfield code="a">Keshena, Wis. :</subfield><subfield code="b">Community Action Program of Menominee County,</subfield><subfield code="c">1966-1970.</subfield></datafield><datafield ind1=" " ind2=" " tag="300"><subfield code="a">5 v. :</subfield><subfield code="b">ill.</subfield></datafield><datafield ind1=" " ind2=" " tag="310"><subfield code="a">Frequency varies (monthly or semimonthly)</subfield></datafield><datafield ind1="0" ind2=" " tag="362"><subfield code="a">Vol. 1, no. 2 (Apr. 18, 1966)-v. 5, no. 16 (Oct. 26, 1970).</subfield></datafield><datafield ind1=" " ind2=" " tag="500"><subfield code="a">Editor: M. Maxwell, May 2, 1966-Mar. 27, 1967.--K. Burnes, Apr. 17-Aug. 28, 1967.--K. Newman, Sept. 11-Oct. 28, 1967.--B. Paulson, Nov. 13, 1967-May 14, 1968.--K. Barnes, July 1-Aug. 26, 1968.--M. Brown, Sept. 23-Nov. 25, 1968.--K. Menore, Dec. 30, 1968-Jan. 10, 1969.--L. Dixon, Jan. 31-Mar. 17, 1969.--E.T. Kaquatosh, Mar. 31, 1969-Oct. 26, 1970.</subfield></datafield><datafield ind1="4" ind2=" " tag="510"><subfield code="a">Danky, J.P. Native American periodicals and newspapers 1828-1982</subfield><subfield code="c">264</subfield></datafield><datafield ind1=" " ind2=" " tag="530"><subfield code="a">Available on microfilm from The State Historical Society of Wisconsin and Clearwater Pub. Co.</subfield></datafield><datafield ind1=" " ind2="0" tag="650"><subfield code="a">Indians of North America</subfield><subfield code="v">Newspapers.</subfield></datafield><datafield ind1=" " ind2="0" tag="650"><subfield code="a">Menominee Indians</subfield><subfield code="z">Wisconsin</subfield><subfield code="v">Newspapers.</subfield></datafield><datafield ind1=" " ind2="0" tag="651"><subfield code="a">Menominee County (Wis.)</subfield><subfield code="v">Newspapers.</subfield></datafield><datafield ind1=" " ind2="4" tag="651"><subfield code="a">Keshena (Wis.)</subfield><subfield code="v">Newspapers.</subfield></datafield><datafield ind1=" " ind2="7" tag="650"><subfield code="a">Indians of North America.</subfield><subfield code="2">fast</subfield><subfield code="0">(OCoLC)fst00969633</subfield></datafield><datafield ind1=" " ind2="7" tag="650"><subfield code="a">Menominee Indians.</subfield><subfield code="2">fast</subfield><subfield code="0">(OCoLC)fst01016230</subfield></datafield><datafield ind1=" " ind2="7" tag="651"><subfield code="a">Wisconsin.</subfield><subfield code="2">fast</subfield><subfield code="0">(OCoLC)fst01204595</subfield></datafield><datafield ind1=" " ind2="7" tag="651"><subfield code="a">Wisconsin</subfield><subfield code="z">Menominee County.</subfield><subfield code="2">fast</subfield><subfield code="0">(OCoLC)fst01237953</subfield></datafield><datafield ind1=" " ind2="7" tag="655"><subfield code="a">Indian newspapers.</subfield><subfield code="2">ngl</subfield></datafield><datafield ind1=" " ind2="7" tag="655"><subfield code="a">Newspapers.</subfield><subfield code="2">fast</subfield><subfield code="0">(OCoLC)fst01423814</subfield></datafield><datafield ind1=" " ind2=" " tag="752"><subfield code="a">United States</subfield><subfield code="b">Wisconsin</subfield><subfield code="c">Menominee</subfield><subfield code="d">Keshena.</subfield></datafield><datafield ind1="0" ind2="0" tag="780"><subfield code="t">Moccasin tracks (Keshena, Wis.)</subfield><subfield code="w">(DLC)sn 85040280</subfield><subfield code="w">(OCoLC)11752763</subfield></datafield></record>